<record><leader>00000cas a2200000 a 4500</leader><controlfield tag="001">35516543</controlfield><controlfield tag="008">960911d18791919miudn ne      0    0eng c</controlfield><datafield ind1=" " ind2=" " tag="010"><subfield code="a">sn 96077059 </subfield></datafield><datafield ind1=" " ind2=" " tag="040"><subfield code="a">MHN</subfield><subfield code="b">eng</subfield><subfield code="c">MHN</subfield><subfield code="d">OCL</subfield><subfield code="d">OCLCQ</subfield><subfield code="d">OCLCF</subfield><subfield code="d">OCLCO</subfield></datafield><datafield ind1="1" ind2=" " tag="029"><subfield code="a">AU@</subfield><subfield code="b">000012845266</subfield></datafield><datafield ind1=" " ind2=" " tag="042"><subfield code="a">pcc</subfield></datafield><datafield ind1=" " ind2=" " tag="043"><subfield code="a">n-us-mi</subfield></datafield><datafield ind1="0" ind2="0" tag="245"><subfield code="a">Ionia daily sentinel.</subfield></datafield><datafield ind1=" " ind2=" " tag="260"><subfield code="a">Ionia, Mich. :</subfield><subfield code="b">Sentinel Pub. Co.</subfield></datafield><datafield ind1=" " ind2=" " tag="300"><subfield code="a">v.</subfield></datafield><datafield ind1=" " ind2=" " tag="310"><subfield code="a">Daily (except Mon.)</subfield></datafield><datafield ind1="1" ind2=" " tag="362"><subfield code="a">Began Dec. 1879.</subfield></datafield><datafield ind1="0" ind2=" " tag="362"><subfield code="a">-v. 38, no. 119 (Apr. 21, 1919).</subfield></datafield><datafield ind1=" " ind2=" " tag="580"><subfield code="a">Weekly ed.: Ionia sentinel, and then: Ionia weekly sentinel.</subfield></datafield><datafield ind1=" " ind2=" " tag="580"><subfield code="a">Merged with: Ionia daily standard, to form: Ionia daily sentinel-standard.</subfield></datafield><datafield ind1=" " ind2=" " tag="588"><subfield code="a">Description based on: Vol. 1, no. 3 (Dec. 6, 1879).</subfield></datafield><datafield ind1=" " ind2="0" tag="651"><subfield code="a">Ionia (Mich.)</subfield><subfield code="v">Newspapers.</subfield></datafield><datafield ind1=" " ind2="0" tag="651"><subfield code="a">Ionia County (Mich.)</subfield><subfield code="v">Newspapers.</subfield></datafield><datafield ind1=" " ind2="7" tag="655"><subfield code="a">Newspapers.</subfield><subfield code="2">fast</subfield><subfield code="0">(OCoLC)fst01423814</subfield></datafield><datafield ind1=" " ind2="7" tag="651"><subfield code="a">Michigan</subfield><subfield code="z">Ionia.</subfield><subfield code="2">fast</subfield><subfield code="0">(OCoLC)fst01219759</subfield></datafield><datafield ind1=" " ind2="7" tag="651"><subfield code="a">Michigan</subfield><subfield code="z">Ionia County.</subfield><subfield code="2">fast</subfield><subfield code="0">(OCoLC)fst01214778</subfield></datafield><datafield ind1=" " ind2=" " tag="752"><subfield code="a">United States</subfield><subfield code="b">Michigan</subfield><subfield code="c">Ionia</subfield><subfield code="d">Ionia.</subfield></datafield><datafield ind1="1" ind2=" " tag="775"><subfield code="t">Ionia sentinel</subfield><subfield code="w">(DLC)sn 85026489</subfield><subfield code="w">(OCoLC)12257601</subfield></datafield><datafield ind1="1" ind2=" " tag="775"><subfield code="t">Ionia weekly sentinel</subfield><subfield code="w">(DLC)sn 96077057</subfield><subfield code="w">(OCoLC)35516630</subfield></datafield><datafield ind1="1" ind2="7" tag="785"><subfield code="t">Ionia daily standard</subfield><subfield code="w">(DLC)sn 96077058</subfield><subfield code="w">(OCoLC)35516471</subfield></datafield><datafield ind1="1" ind2="7" tag="785"><subfield code="t">Ionia daily sentinel-stnadard</subfield><subfield code="w">(DLC)sn 96077060</subfield><subfield code="w">(OCoLC)35516140</subfield></datafield></record>